<?xml version="1.0" encoding="UTF-8"?><record xmlns="http://www.loc.gov/MARC21/slim" xmlns:cinclude="http://apache.org/cocoon/include/1.0" xmlns:zs="http://www.loc.gov/zing/srw/">
  <leader>00346nz  a2200121n  4500</leader>
  <controlfield tag="001">n  86147369 </controlfield>
  <controlfield tag="003">DLC</controlfield>
  <controlfield tag="005">19861001061842.3</controlfield>
  <controlfield tag="008">860804n| acannaab|          |n aaa |||  </controlfield>
  <datafield tag="010" ind1=" " ind2=" ">
    <subfield code="a">n  86147369 </subfield>
  </datafield>
  <datafield tag="040" ind1=" " ind2=" ">
    <subfield code="a">DLC</subfield>
    <subfield code="c">DLC</subfield>
  </datafield>
  <datafield tag="100" ind1="1" ind2="0">
    <subfield code="a">Nikolajević, Svetomir B.</subfield>
  </datafield>
  <datafield tag="670" ind1=" " ind2=" ">
    <subfield code="a">His Istraživanja pradoživljaja, 1985- :</subfield>
    <subfield code="b">v. 1, t.p. (Svetomir B. Nikolajević)</subfield>
  </datafield>
</record>